@thesis{mrbnf_fixpoint,
  title={Binding Datatypes in Isabelle/HOL},
  type={Master's thesis},
  author={Stoop, Pascal},
  year={2019}
}

@thesis{mrbnf_composition,
  title={Generalized Functor Composition in Isabelle/HOL},
  type={Bachelor's thesis},
  author={Roshardt, Matthias},
  year={2019}
}

@misc{nominal2,
  title={Nominal2},
  author={Urban, Christian and Berghofer, Stefan and Kaliszyk, Cezary},
  howpublished={\url{https://www.isa-afp.org/entries/Nominal2.html}},
  year={2013},
  note= "[Online; accessed 2022-02-17]"
}
